@misc{twittersearch,
  title = {Twitter Search},
  howpublished = {\url{https://github.com/ckoepp/TwitterSearch}},
  note = {Accessed: 2019-11-07}
}
@misc{trumptwitterarchive,
  title = {Trump Twitter Archive},
  howpublished = {\url{http://www.trumptwitterarchive.com/archive}},
  note = {Accessed: 2019-11-07}
}