@misc{al-masri_2019, title={Creating The Twitter Sentiment Analysis Program in Python with Naive Bayes Classification}, url={https://towardsdatascience.com/creating-the-twitter-sentiment-analysis-program-in-python-with-naive-bayes-classification-672e5589a7ed}, journal={Medium}, publisher={Towards Data Science}, author={Al-Masri, Anas}, year={2019}, month={Feb}}
@misc{scikit, title={API Reference¶}, url={https://scikit-learn.org/stable/modules/classes.html#module-sklearn.metrics}, journal={scikit}}
@misc{ckoepp_2018, title={ckoepp/TwitterSearch}, url={https://github.com/ckoepp/TwitterSearch}, journal={GitHub}, author={Ckoepp}, year={2018}, month={Jan}}
@misc{cross_validation, title={Cross-validation (statistics)}, url={https://en.wikipedia.org/wiki/Cross-validation_(statistics)#k-fold_cross-validation}, journal={Wikipedia}, publisher={Wikimedia Foundation}, year={2020}, month={Jun}}
@misc{esuli, title={SentiWordNet}, url={https://github.com/aesuli/SentiWordNet/blob/master/papers/LREC06.pdf}, author={Esuli, Andrea}}
@misc{hall_2017, title={#WhatWouldTrumpTweet: Topic Clustering and Tweet Generation from Donald Trump's Tweets}, url={https://medium.com/@mc7968/whatwouldtrumptweet-topic-clustering-and-tweet-generation-from-donald-trumps-tweets-b191fccaffb2}, journal={Medium}, publisher={Medium}, author={Hall, Melissa}, year={2017}, month={Dec}}
@misc{hall_2017, title={#WhatWouldTrumpTweet: Topic Clustering and Tweet Generation from Donald Trump's Tweets}, url={https://medium.com/@mc7968/whatwouldtrumptweet-topic-clustering-and-tweet-generation-from-donald-trumps-tweets-b191fccaffb2}, journal={Medium}, publisher={Medium}, author={Hall, Melissa}, year={2017}, month={Dec}}
@misc{jsvine_2020, title={jsvine/markovify}, url={https://github.com/jsvine/markovify}, journal={GitHub}, author={Jsvine}, year={2020}, month={May}}
@misc{lsa, title={Latent semantic analysis}, url={https://en.wikipedia.org/wiki/Latent_semantic_analysis}, journal={Wikipedia}, publisher={Wikimedia Foundation}, year={2020}, month={Apr}}
@misc{lr, title={Logistic regression}, url={https://en.wikipedia.org/wiki/Logistic_regression}, journal={Wikipedia}, publisher={Wikimedia Foundation}, year={2020}, month={May}}
@misc{mp, title={Multilayer perceptron}, url={https://en.wikipedia.org/wiki/Multilayer_perceptron}, journal={Wikipedia}, publisher={Wikimedia Foundation}, year={2020}, month={Apr}}
@misc{munir_2019, title={Basic Binary Sentiment Analysis using NLTK}, url={https://towardsdatascience.com/basic-binary-sentiment-analysis-using-nltk-c94ba17ae386}, journal={Medium}, publisher={Towards Data Science}, author={Munir, Samira}, year={2019}, month={Mar}}
@misc{nag_2019, title={Text Classification by XGBoost & Others: A Case Study Using BBC News Articles}, url={https://medium.com/towards-artificial-intelligence/text-classification-by-xgboost-others-a-case-study-using-bbc-news-articles-5d88e94a9f8}, journal={Medium}, publisher={Towards AI - Multidisciplinary Science Journal}, author={Nag, Avishek}, year={2019}, month={Jul}}
@misc{nbc, title={Naive Bayes classifier}, url={https://en.wikipedia.org/wiki/Naive_Bayes_classifier}, journal={Wikipedia}, publisher={Wikimedia Foundation}, year={2020}, month={May}}
@misc{nishihara_2020, title={10x Faster Parallel Python Without Python Multiprocessing}, url={https://towardsdatascience.com/10x-faster-parallel-python-without-python-multiprocessing-e5017c93cce1}, journal={Medium}, publisher={Towards Data Science}, author={Nishihara, Robert}, year={2020}, month={May}}
@misc{putra_2019, title={How to make your own sentiment analyzer using Python and Google's Natural Language API}, url={https://www.freecodecamp.org/news/how-to-make-your-own-sentiment-analyzer-using-python-and-googles-natural-language-api-9e91e1c493e/}, journal={freeCodeCamp.org}, publisher={freeCodeCamp.org}, author={Putra, Dzaky Widya}, year={2019}, month={Jul}}
@misc{python_tutorial, title={Text Classification NLTK Tutorial}, url={https://pythonprogramming.net/text-classification-nltk-tutorial/}, journal={Python Programming Tutorials}}
@misc{rf, title={Random forest}, url={https://en.wikipedia.org/wiki/Random_forest}, journal={Wikipedia}, publisher={Wikimedia Foundation}, year={2020}, month={May}}
@misc{ray-project_2020, title={ray-project/ray}, url={https://github.com/ray-project/ray}, journal={GitHub}, author={Ray-Project}, year={2020}, month={Jun}}
@misc{sgd, title={Stochastic gradient descent}, url={https://en.wikipedia.org/wiki/Stochastic_gradient_descent}, journal={Wikipedia}, publisher={Wikimedia Foundation}, year={2020}, month={Jun}}
@misc{sr, title={Synonym ring}, url={https://en.wikipedia.org/wiki/Synonym_ring}, journal={Wikipedia}, publisher={Wikimedia Foundation}, year={2017}, month={Dec}}
@misc{trump_archive, title={Trump Twitter Archive}, url={http://www.trumptwitterarchive.com/archive}, journal={Trump Twitter Archive}}
@misc{geeksforgeeks_2020, title={Twitter Sentiment Analysis using Python}, url={https://www.geeksforgeeks.org/twitter-sentiment-analysis-using-python/}, journal={GeeksforGeeks}, year={2020}, month={May}}
@misc{wn, title={WordNet}, url={https://en.wikipedia.org/wiki/WordNet}, journal={Wikipedia}, publisher={Wikimedia Foundation}, year={2020}, month={Apr}}
@misc{xgboost, title={XGBoost}, url={https://en.wikipedia.org/wiki/XGBoost}, journal={Wikipedia}, publisher={Wikimedia Foundation}, year={2020}, month={May}}